@ieeetranbstctl{IEEEexample:BSTcontrol,
  ctluse_forced_etal       = {yes},
  ctlmax_names_forced_etal = {3},
  ctlnames_show_etal       = {2}
}
@book{InfH,
  address   = {M\"{u}nchen -- Wien},
  author    = {Rechenberg, Peter and Pomberger, Gustav and Blaschek, G\"{u}nther and Bode, Arndt and Bohn, Wilhelm Friedrich and Borrmann, Lothar and Buchberger, Bruno},
  edition   = {4th},
  publisher = {Hanser Verlag},
  title     = {{Informatik Handbuch}},
  year      = {2006}
}
@misc{APCW2006,
  note   = {letzter Zugriff am 23.05.2021},
  author = {{Association for Progressive Communications}},
  title  = {{Wireless technology is irreplaceable for providing access in remote and scarcely populated regions}},
  url    = {http://www.apc.org/en/news/strategic/world/wireless-technology-irreplaceable-providing-access},
  year   = {2006}
}

@misc{flutter_test_apps,
  author       = {Martin Hausleitner},
  title        = {Creating Test Apps with Flutter and Firebase},
  howpublished = {\url{https://github.com/Martin-Hausleitner/flutter-firebase-test-01}},
  year         = {2019}
}
